% Chemical-oriented simulation of computational systems with ALCHEMIST
@Article{alchemist2013,
    author="Pianini, D.
    and Montagna, S.
    and Viroli, M.",
    title="Chemical-oriented simulation of computational systems with ALCHEMIST",
    journal="Journal of Simulation",
    year="2013",
    month="Aug",
    day="01",
    volume="7",
    number="3",
    pages="202--215",
    abstract="In this paper we address the engineering of complex and emerging computational systems featuring situatedness, adaptivity and self-organisation, like pervasive computing applications in which humans and devices, dipped in a very mobile environment, opportunistically interact to provide and exploit information services. We adopt a meta-model in which possibly mobile, interconnected and communicating agents work according to a set of chemical-like laws. According to this view, substantiated by recent research on pervasive computing systems, we present the Alchemist simulation framework, which retains the performance of known Stochastic Simulation Algorithms for (bio)chemistry, though it is tailored to the specific features of complex and situated computational systems.",
    issn="1747-7786",
    doi="10.1057/jos.2012.27",
    url="https://doi.org/10.1057/jos.2012.27"
}

% Protelis: Practical Aggregate Programming
@inproceedings{protelis2015,
    author = {Pianini, Danilo and Viroli, Mirko and Beal, Jacob},
    title = {Protelis: Practical Aggregate Programming},
    booktitle = {Proceedings of the 30th Annual ACM Symposium on Applied Computing},
    series = {SAC '15},
    year = {2015},
    isbn = {978-1-4503-3196-8},
    location = {Salamanca, Spain},
    pages = {1846--1853},
    numpages = {8},
    url = {http://doi.acm.org/10.1145/2695664.2695913},
    doi = {10.1145/2695664.2695913},
    acmid = {2695913},
    publisher = {ACM},
    address = {New York, NY, USA},
    keywords = {aggregate programming, alchemist, computational field, coordination, field calculus},
}

% Revisione e refactoring dell'interfaccia utente del simulatore Alchemist
@phdthesis{casadio,
    author = {Elisa Casadio},
    title = {Revisione e refactoring dell'interfaccia utente del simulatore Alchemist},
    keywords = {Alchemist,Java,JavaFX,interfaccia grafica,simulazione,simulatore},
    abstract = {Lo scopo di questa tesi {\`e} la revisione e il refactoring dell'interfaccia grafica del simulatore Alchemist, per offrire una migliore esperienza d'uso all'utente. L'interfaccia grafica permette la configurazione completa di una simulazione ed il suo avvio in modalit{\`a} normale o batch. Per il suo sviluppo, {\`e} stata utilizzata la libreria JavaFX, che ha permesso di separare l'aspetto del programma dalla specifica comportamentale, e supporta l'Hi-DPI, che consente al simulatore di essere scalabile anche su schermi ad alta risoluzione. L'ambiente ottenuto {\`e} intuitivo, perch{\'e} offre un'esperienza d'uso simile ad un IDE di sviluppo; ed {\`e} anche consistente rispetto allo stato del file system. Nel testo sono illustrati tutti i requisiti che il progetto deve soddisfare e, inoltre, sono descritte, in modo approfondito, la progettazione e l'implementazione dell'interfaccia realizzata. Il risultato ottenuto {\`e} un ambiente funzionante, che soddisfa buona parte delle specifiche richieste e che potr{\`a} essere ampliato in futuro con nuove funzionalit{\`a}.},
    url = {http://amslaurea.unibo.it/12310/}
}

% Sito web del progetto Alchemist Simulator
@online{alchemistWeb,
    title={Alchemist},
    % howpublished = "\url{http://alchemistsimulator.github.io/}",
    url={http://alchemistsimulator.github.io/},
    journal={Alchemist}
}

% Brevetto GUI
@misc{gui,
    title={Graphical user interface},
    author={O'rourke, Thomas C and O'neill, Brian T and Cook, Rodney C and Taner, Kuntay O and Synder, Steven P and Joyner, Adam R and others},
    year={1994},
    month=sep # "~20",
    publisher={Google Patents},
    note={US Patent 5,349,658}
}

% Discrete event simulation: State of the art
@article{des,
    title={Discrete event simulation: State of the art},
    author={Babulak, Eduard and Wang, Ming},
    journal={International Journal of Online Engineering (iJOE)},
    volume={4},
    number={2},
    pages={60--63},
    year={2007}
}

% Principles of discrete event simulation
@article{des2,
    title={Principles of discrete event simulation.[book review]},
    author={Fishman, George S},
    year={1978},
    publisher={John Wiley and Sons, New York, NY}
}

% Discrete-Event System Simulation (Pearson)
@book{des3,
    title={Discrete-Event System Simulation: Pearson New International Edition},
    author={Banks, Jerry and Carson, John S and Nelson, Barry L and Nicol, David M},
    year={2013},
    publisher={Pearson Higher Ed}
}

@inproceedings{des4,
    title={A Gillespie-based Computational Model for Integrating Event-driven and Multi-Agent Based Simulation},
    author={Montagna, Sara and Omicini, Andrea and Pianini, Danilo},
    booktitle={Proceedings of the 2015 International Conference on Autonomous Agents and Multiagent Systems},
    pages={1763--1764},
    year={2015},
    organization={International Foundation for Autonomous Agents and Multiagent Systems}
}

% Algoritmo Gillespie 1976
@article{gillespie1976,
    title={A general method for numerically simulating the stochastic time evolution of coupled chemical reactions},
    author={Gillespie, Daniel T},
    journal={Journal of computational physics},
    volume={22},
    number={4},
    pages={403--434},
    year={1976},
    publisher={Elsevier}
}

% Algoritmo Gillespie 1977
@article{gillespie1977,
    title={Exact stochastic simulation of coupled chemical reactions},
    author={Gillespie, Daniel T},
    journal={The journal of physical chemistry},
    volume={81},
    number={25},
    pages={2340--2361},
    year={1977},
    publisher={ACS Publications}
}

% Next Reaction Method (Gibson and Bruck)
@article{nextReactionMethod,
    author = {Gibson, Michael A. and Bruck, Jehoshua},
    title = {Efficient Exact Stochastic Simulation of Chemical Systems with Many Species and Many Channels},
    journal = {The Journal of Physical Chemistry A},
    volume = {104},
    number = {9},
    pages = {1876-1889},
    year = {2000},
    doi = {10.1021/jp993732q},
    URL = {http://dx.doi.org/10.1021/jp993732q},
    eprint = {http://dx.doi.org/10.1021/jp993732q}
}

% Algoritmo di Slepoy in grado di eseguire in tempo costante, 2000
@article{slepoy,
    title={A constant-time kinetic Monte Carlo algorithm for simulation of large biochemical reaction networks},
    author={Slepoy, Alexander and Thompson, Aidan P and Plimpton, Steven J},
    journal={The journal of chemical physics},
    volume={128},
    number={20},
    pages={05B618},
    year={2008},
    publisher={AIP}
}

% MVC nel linugaggio Smarttalk-80
@article{mvc,
    title={A description of the model-view-controller user interface paradigm in the smalltalk-80 system},
    author={Krasner, Glenn E and Pope, Stephen T and others},
    journal={Journal of object oriented programming},
    volume={1},
    number={3},
    pages={26--49},
    year={1988}
}

% La caffettiera del masochista
@misc{norman1988,
    title={La caffettiera del masochista (\textit{The psychology of everyday things})},
    author={Norman, Donald A},
    year={1988},
    publisher={Basic Books},
    language={english}
}

% User Experience
@inproceedings{ux,
    title={User experience (UX): towards an experiential perspective on product quality},
    author={Hassenzahl, Marc},
    booktitle={Proceedings of the 20th Conference on l'Interaction Homme-Machine},
    pages={11--15},
    year={2008},
    organization={ACM}
}

% UX: ISO 9241-210
@article{iso9421,
    title={9241-210: 2010. Ergonomics of human system interaction-Part 210: Human-centred design for interactive systems},
    author={DIS, ISO},
    journal={International Standardization Organization (ISO). Switzerland},
    year={2009}
}

% Google Material Design
@online{material,
    title={Material Design by Google},
    % howpublished = "\url{https://material.io/}",
    url={https://material.io/}
}

% Microsoft Fluent Design System
@online{fluent,
    title={Fluent Design System by Microsoft},
    % howpublished = "\url{https://fluent.microsoft.com/}",
    url={https://fluent.microsoft.com/}
}

% What Is JavaFX? (Monica Pawlan, 2013)
@misc{pawlan2013javafx,
    title={What Is JavaFX?},
    author={Pawlan, Monica},
    year={2013},
    publisher={JavaFX}
}

@article{moritz2008rich,
    title={Rich Internet Applications (RIA): A Convergence of User Interface Paradigms of Web and Desktop-Exemplified by JavaFX},
    author={Moritz, Florian},
    journal={University of AppliedScience Kaiserslautern, Deutschland},
    year={2008}
}

% Documentazione Java 8
@online{java8,
    title={Java Platform, Standard Edition (Java SE) 8},
    % howpublished = "\url={https://docs.oracle.com/javase/8/javase-clienttechnologies.htm}",
    url={https://docs.oracle.com/javase/8/javase-clienttechnologies.htm}
}

% SimCity, Will Wright
@book{simcity,
    title={SimCity},
    author={Wright, Will},
    year={1996},
    publisher={Erbe}
}

@article{friedman1995,
    title={Making sense of software: Computer games and interactive textuality},
    author={Friedman, Ted},
    journal={Cybersociety; Computer-Mediated Communication and Community. Thousand Oaks, Calif.: Sage Publications},
    year={1995}
}

@article{aPatternLanguage,
    title={A Pattern Language: Towns, Buildings, Construction(Center for Environmental Structure)},
    author={Alexander, Christopher and Ishikawa, Sara and Silverstein, Murray and Jacobson, Max and Fiksdahl-King, Ingrid and Angel, Shlomo},
    year={1977},
    publisher={Oxford University Press}
}

% Intervista di Wired a Will Wright
@misc{wiredWright,
  title={Will Wright: The Mayor of SimCity},
  author={Kelly, Kevin},
  year={1994},
  publisher={Wired}
}
