@misc{mysite,
  title = {Sito},
  author = {Autore},
  note = {\texttt{https://www.example.com/}},
  year = {2017}
}
